<?xml version="1.0" encoding="UTF-8"?><collection><record><leader>07026ntm a2200661 a 4500</leader><controlfield tag="001">006805295</controlfield><controlfield tag="003">MiAaHDL</controlfield><controlfield tag="005">20190719000000.0</controlfield><controlfield tag="006">m        d        </controlfield><controlfield tag="007">cr bn ---auaua</controlfield><controlfield tag="008">090531s1641    xx            00| ||per d</controlfield><datafield tag="035" ind1=" " ind2=" "><subfield code="a">(MiU)006805295</subfield></datafield><datafield tag="035" ind1=" " ind2=" "><subfield code="a">sdr-miu006805295</subfield></datafield><datafield tag="040" ind1=" " ind2=" "><subfield code="a">MiU</subfield><subfield code="c">MiU</subfield><subfield code="e">amremm</subfield></datafield><datafield tag="043" ind1=" " ind2=" "><subfield code="a">n-us-mi</subfield></datafield><datafield tag="100" ind1="0" ind2=" "><subfield code="6">880-01</subfield><subfield code="a">Ḥamd Allāh Mustawfī Qazvīnī,</subfield><subfield code="d">active 1330-1340.</subfield></datafield><datafield tag="240" ind1="1" ind2="0"><subfield code="6">880-02</subfield><subfield code="a">Nuzhat al-qulūb</subfield></datafield><datafield tag="245" ind1="1" ind2="0"><subfield code="6">880-03</subfield><subfield code="a">Kitāb Nuzhat al-qulūb,</subfield><subfield code="f">[1051, i.e. 1641].</subfield></datafield><datafield tag="260" ind1=" " ind2=" "><subfield code="c">[1641].</subfield></datafield><datafield tag="300" ind1=" " ind2=" "><subfield code="a">274 leaves :</subfield><subfield code="b">paper ;</subfield><subfield code="c">253 x 190 (169 x 117) mm.</subfield></datafield><datafield tag="500" ind1=" " ind2=" "><subfield code="a">Shelfmark: Ann Arbor, University of Michigan, Special Collections Library, Isl. Ms. 274</subfield></datafield><datafield tag="500" ind1=" " ind2=" "><subfield code="a">Origin: As appears in colophon at close on p.542, copied by Muḥammad Zamān ibn Sayyid Murād al-Ḥusaynī with transcription completed 5 Shaʻbān 1051 [ca. 9 November 1641].</subfield></datafield><datafield tag="500" ind1=" " ind2=" "><subfield code="a">Accompanying materials: Scrap with notes between pp.416-417.</subfield></datafield><datafield tag="500" ind1=" " ind2=" "><subfield code="a">Former shelfmark: "534 T. De M. [i.e. Tammaro De Marinis]" in pencil and "5/3" in ink on 'title page' (p.1).</subfield></datafield><datafield tag="500" ind1=" " ind2=" "><subfield code="a">Binding: Pasteboards (quite heavy) faced in light brown leather and edged in dark red leather (leather faced and edged binding) ; Type III binding (without flap) ; doublures in brown leather ; upper and lower covers carry blind-stamped (with recessed paper onlays) mandorla, pendants and cornerpieces (each filled with vegetal composition) ; sewn in dark blue thread, two stations ; worked chevron endbands in pink and yellow, good condition ; overall in somewhat poor condition with much abrasion, delamination, staining, moisture damage, lifting and losses of leather, shrinkage, etc.</subfield></datafield><datafield tag="500" ind1=" " ind2=" "><subfield code="a">Support: non-European (Persian) laid paper with 8 laid lines per cm. (vertical, fairly distinct, some curving) and no chain lines plainly visible, sturdy though crisp and transluscent, quite well-burnished, some inclusions.</subfield></datafield><datafield tag="500" ind1=" " ind2=" "><subfield code="a">Decoration: Illuminated headpiece (ʻunwān / sarlawḥ ) at opening on p.2 consisting of small rectangular panel carrying the basmalah surrounded by gilt cloud-bands and flanked by swirling floral vegetal pattern in green, pink, lavender, yellow, white, etc. on fields of gold, surmounted by larger rectangular panel evoking book cover design with empty gold central cartouche (or mandorla) flanked by pendants and surrounded by swirling floral vegetal pattern on a lapis lazuli ground, surmounted by a scalloped semi-circular piece (dome) filled with the same floral vegetal designs on fields of lapis lazuli and gold ; entire piece surmounted by vertical stalks (tīgh) in blue and set into a well of gold with black vegetal design ; written area surrounded by frame consisting of innermost gold band flanked by black fillets with outermost red and blue rules ; keywords and some abbreviation symbols (stroke above notable words, etc.) rubricated ; overlining in red ; textual dividers in the form of inverted commas and discs in red ; numerous tables and line diagrams in red and black (see p.30, 64, 65, 67-69, 70, 71, 72, 83, 344, 346) ; two maps (including world with 7 iqlīms, seas, cities, locales, etc. see p.340-341 and p.496-497).</subfield></datafield><datafield tag="500" ind1=" " ind2=" "><subfield code="a">Script: Nastaʻlīq ; elegant hand, characteristically serifless and with descent of words to baseline, exaggerated thickness of elongated horizontal strokes ; Arabic excerpts in a compact, elegant naskh, fairly vertical and adhering to baseline ; occasional vocalization.</subfield></datafield><datafield tag="500" ind1=" " ind2=" "><subfield code="a">Layout: Written in 19 lines per page ; frame-ruled.</subfield></datafield><datafield tag="500" ind1=" " ind2=" "><subfield code="a">Collation: 34 IV (272), I (274) ; almost exclusively quaternions ; lacuna on pp.28-29 (pages left partially blank) ; catchwords present ; pagination in pencil, Western numerals, supplied during digitization (skips two pages between pp.33-34).</subfield></datafield><datafield tag="500" ind1=" " ind2=" "><subfield code="a">Colophon: "Scribal," reads "تم الكتابة على يد الفقير محمد زمان ابن سيد مراد الحسيني ستر عيوبهما وغفر ذنوبهما في خامس شهر شعبان سنه ١٠٥١ تم تم تم تم تم تم"</subfield></datafield><datafield tag="500" ind1=" " ind2=" "><subfield code="a">Explicit: "و ختم سخن و دعا را برين كلمات اختصار رفت ... نجز الكتاب والحمد لله اولا واخرا وظاهرا وباطنا وصلى الله على محمد المصطفى طاهرا وافيا والسلام"</subfield></datafield><datafield tag="500" ind1=" " ind2=" "><subfield code="a">Incipit: "چون واهب مواهب بى علت علت كلمته كه مبدع محژعات ومحژع مبدعاتست ..."</subfield></datafield><datafield tag="500" ind1=" " ind2=" "><subfield code="a">Title from inscription on 'title page' (p.1).</subfield></datafield><datafield tag="500" ind1=" " ind2=" "><subfield code="a">Ms. codex.</subfield></datafield><datafield tag="510" ind1="4" ind2=" "><subfield code="a">Cat. Pers. MSS. Brit. Mus.,</subfield><subfield code="c">pp.418-420</subfield></datafield><datafield tag="510" ind1="4" ind2=" "><subfield code="a">Spuler, B. "Ḥamd Allāhb. Abī Bakr b. Aḥmād b. Naṣr al-Mustawfīal-Ḳazwīnī," in EI2,</subfield><subfield code="c">Vol. III, p. 122, col. 1</subfield></datafield><datafield tag="510" ind1="4" ind2=" "><subfield code="a">Storey,</subfield><subfield code="c">v. I, p. 81-84</subfield></datafield><datafield tag="510" ind1="4" ind2=" "><subfield code="a">Browne,</subfield><subfield code="c">v. III, p. 87-100</subfield></datafield><datafield tag="520" ind1="8" ind2=" "><subfield code="a">Elegant copy of the important cosmographical and geographical work by Ḥamd Allāh Mustawfī Qazvīnī (d. after 1340), particularly significant for the human geography of the last period of the Īlkhān empire. Contributions to the cataloguing from Hossein Alizadeh and David Hughes.</subfield></datafield><datafield tag="538" ind1=" " ind2=" "><subfield code="a">Mode of access: Internet.</subfield></datafield><datafield tag="541" ind1=" " ind2=" "><subfield code="c">Purchase ;</subfield><subfield code="a">Acquired by purchase (funds donated by Horace Rackham).</subfield><subfield code="d">1924.</subfield></datafield><datafield tag="545" ind1=" " ind2=" "><subfield code="a">The author was born ca. 1281 and died after 1339-40 in Qazvīn. A Persian historian, geographer, and administrator (under the famous Rashīd al-Dīn). In addition to this text, he composed the Ẓafarnāmah, a verse history of the Islamic world up to his own time, and Tārīkh-i guzīdah, a concise prose history (supplied by D. Hughes).</subfield></datafield><datafield tag="546" ind1=" " ind2=" "><subfield code="a">Persian.</subfield></datafield><datafield tag="561" ind1=" " ind2=" "><subfield code="a">Inscriptions in pencil and ink on 'title page' (p.1) "534 T. De M. [i.e. Tammaro De Marinis]" and "5/3" ; traces of an oval seal impression on 'title page' (p.1) and at close on p.542 (along with possibly almond-shaped seal impression at head of the page) ; statement on final leaf (p.546) dated 1223 [1808 or 9].</subfield></datafield><datafield tag="650" ind1=" " ind2="0"><subfield code="a">Manuscripts, Persian</subfield><subfield code="z">Michigan</subfield><subfield code="z">Ann Arbor.</subfield></datafield><datafield tag="650" ind1=" " ind2="0"><subfield code="a">Ilkhanid dynasty</subfield><subfield code="v">Early works to 1800.</subfield></datafield><datafield tag="650" ind1=" " ind2="0"><subfield code="a">Mongols</subfield><subfield code="z">Iran</subfield><subfield code="v">Early works to 1800.</subfield></datafield><datafield tag="650" ind1=" " ind2="0"><subfield code="a">Geography, Medieval</subfield><subfield code="v">Early works to 1800.</subfield></datafield><datafield tag="651" ind1=" " ind2="0"><subfield code="a">Iran</subfield><subfield code="x">Description and travel</subfield><subfield code="v">Early works to 1800.</subfield></datafield><datafield tag="655" ind1=" " ind2="7"><subfield code="a">Headpieces (layout features)</subfield><subfield code="y">17th century.</subfield><subfield code="2">aat</subfield></datafield><datafield tag="700" ind1="0" ind2=" "><subfield code="a">Abdülhamid</subfield><subfield code="b">II,</subfield><subfield code="c">Sultan of the Turks,</subfield><subfield code="d">1842-1918,</subfield><subfield code="e">former owner.</subfield></datafield><datafield tag="700" ind1="0" ind2=" "><subfield code="6">880-04</subfield><subfield code="a">Muḥammad Zamān ibn Sayyid Murād al-Ḥusaynī,</subfield><subfield code="d">fl. 1641,</subfield><subfield code="e">scribe.</subfield></datafield><datafield tag="773" ind1="0" ind2=" "><subfield code="a">Abdul Hamid Collection.</subfield></datafield><datafield tag="880" ind1="0" ind2=" "><subfield code="6">700-04/</subfield><subfield code="a">محمد زمان ابن سيد مراد الحسيني,</subfield><subfield code="e">ناسخ.</subfield></datafield><datafield tag="880" ind1="1" ind2="0"><subfield code="6">245-03/</subfield><subfield code="a">كتاب نزهة القلوب,</subfield><subfield code="f">[1051ه, 1641م].</subfield></datafield><datafield tag="880" ind1="1" ind2="0"><subfield code="6">240-02/</subfield><subfield code="a">نزهة القلوب</subfield></datafield><datafield tag="880" ind1="0" ind2=" "><subfield code="6">100-01/</subfield><subfield code="a">حمد الله مستوفى قزوينى.</subfield></datafield><datafield tag="CID" ind1=" " ind2=" "><subfield code="a">006805295</subfield></datafield><datafield tag="DAT" ind1="0" ind2=" "><subfield code="a">20190719102637.0</subfield><subfield code="b">20190719000000.0</subfield></datafield><datafield tag="DAT" ind1="1" ind2=" "><subfield code="a">20190719090653.0</subfield><subfield code="b">2019-07-19T16:11:35Z</subfield></datafield><datafield tag="DAT" ind1="2" ind2=" "><subfield code="a">2015-10-02T18:00:03Z</subfield></datafield><datafield tag="CAT" ind1=" " ind2=" "><subfield code="a">SDR-MIU</subfield><subfield code="d">EX LIBRIS - ALEPH</subfield><subfield code="l">prepare.pl-004-008</subfield></datafield><datafield tag="FMT" ind1=" " ind2=" "><subfield code="a">BK</subfield></datafield><datafield tag="HOL" ind1=" " ind2=" "><subfield code="0">sdr-miu006805295</subfield><subfield code="a">MiU</subfield><subfield code="b">SDR</subfield><subfield code="c">MIU</subfield><subfield code="p">mdp.39015079127364</subfield><subfield code="s">MIU</subfield><subfield code="1">006805295</subfield></datafield><datafield tag="974" ind1=" " ind2=" "><subfield code="b">MIU</subfield><subfield code="c">MIU</subfield><subfield code="d">20190719</subfield><subfield code="s">lit-dlps-dc</subfield><subfield code="u">mdp.39015079127364</subfield><subfield code="y">1641</subfield><subfield code="r">pd</subfield><subfield code="q">bib</subfield><subfield code="t">non-US bib date1 &lt; 1896</subfield></datafield></record></collection>